@misc{wxWidgets,
  author = {wxWidgets},
  title = {wxWidgets Cross Platform GUI Library},
  url = {https://www.wxwidgets.org/},
  year = {2017}
}
@misc{wxMathPlot,
	author = {wxMathPlot},
	title = {wxMathPlot Framework for Mathematical Graph Plotting in wxWindows},
	url = {https://wxmathplot.sourceforge.net/},
	year = {2018}
}