@misc{NewtonGameDynamics,
  author = {{Julio Jerez} and {Alain Suero}},
  title = {Newton Game Dynamics},
  url = {http://newtondynamics.com/forum/newton.php},
  version = {3.13},
  date = {2015-06-17},
}
@misc{SU2,
  author = {{Heather Kline} and {Tim Albring} and {Brendan Tracey} and {Ruben Sanchez} and {Salvatore Vitale} and {David Thomas} and {Francisco D. Palacios} and {Antonio Rubino} and {Samet Cakmakcioglu}},
  title = {SU2},
  url = {https://su2code.github.io/},
  version = {5.0.0},
  date = {2017-01},
}
@misc{ArrayFire,
  author = {{Pavan Yalamanchili} and {Umar Arshad} and {Brian Kloppenborg} and {Miguel Lloreda} and {Ghislain Antony Vaillant} and {Cedric Nugteren} and {Filipe Maia} and {GaÃ«tan Lehmann} and {Nathan Jackson} and {Richard Klemm} and {Andreas Schuh} and {Vardan Akopian}},
  title = {ArrayFire},
  url = {https://arrayfire.com/},
  version = {3.13},
  date = {2015-17-06},
}
@misc{tutorials,
  title = {Software Testing Dictionary},
  url = {https://www.tutorialspoint.com},
  date = {2017-8},
}
@misc{wx,
  title = {wxWidgets},
  url = {www.wxWidgets.org}
}