@online{tutorials,
    title     = "Software Testing Dictionary",
    url       = "www.tutorialspoint.com/software\_testing\_dictionary/index.htm",
    keywords  = "software,testing"
}
@online{vtk,
    title     = "VTK",
    url       = "www.vtk.org/",
    keywords  = framework,visualization
}
@online{qt,
    title     = "Qt",
    url       = "www.qt.io",
    keywords  = framework,gui
}
@online{wx,
    title     = "wxWidgets",
    url       = "www.wxwidgets.org",
    keywords  = framework,visualization,gui
}
@online{opendx,
    title     = "OpenDX",
    url       = "www.opendx.org/index2.php",
    keywords  = framework,visualization,
}
@online{wpf,
    title     = "WPF",
    url       = "www.wpf-tutorial.com/about-wpf/",
    keywords  = framework,visualization,gui
}