@misc{AdvancedSimulationLibrary,
  author = {{Avtech Scientific}},
  title = {Advanced Simulation Library},
  url = {http://asl.org.il/},
  version = {0.1.7},
  date = {2015-05-14},
}
@misc{GiSmo,
  author = {{Andrea Bressan} and {Florian Buchegger} and {Antonella Falini} and {Michael Haberleitner} and {Christoph Hofer} and {Clemens Hofreither} and {Mario Kapl} and {Gabor Kiss} and {Stefan Kleiss} and {Angelos Mantzaflaris} and {Svetlana Matculevich} and {Stephen Moore} and {Dominik Mokris} and {Felix Scholz} and {Jarle Sogn} and {Jaka Speh} and {Stefan Takacs} and {Jürgen Vogl} and {Harald Weiner}},
  title = {G+Smo},
  url = {http://gs.jku.at/trac/gismo},
  version = {2.8.8},
  date = {2017-11-09},
}
@misc{Bullet,
  author = {{Erwin Coumans} and {Benjamin Ellenberger} and {Victor Nicolaichuk} and {Oleg Klimov}},
  title = {Bullet},
  url = {http://bulletphysics.org},
  version = {2.8.6},
  date = {2017-01-26},
}
@misc{OVERFLOW,
  author = {{NASA}},
  title = {OVERFLOW},
  url = {https://www.nas.nasa.gov/about/staff/tpulliam.html},
  version = {2.2k},
  date = {2015-03-18},
}
@misc{Boost,
  author = {{BOOST Team}},
  title = {Boost (C++ libraries)},
  url = {http://www.boost.org/},
  version = {1.65.1},
  date = {2017-09-07},
}
@misc{GNU,
  author = {{GNU Project}},
  title = {GNU Multiple Precision Arithmetic Library},
  url = {https://gmplib.org/},
  version = {6.1.2},
  date = {2016-12-16},
}
@misc{NewtonGameDynamics,
  author = {{Julio Jerez} and {Alain Suero}},
  title = {Newton Game Dynamics},
  url = {http://newtondynamics.com/forum/newton.php},
  version = {3.13},
  date = {2015-06-17},
}
@misc{SU2,
  author = {{Heather Kline} and {Tim Albring} and {Brendan Tracey} and {Ruben Sanchez} and {Salvatore Vitale} and {David Thomas} and {Francisco D. Palacios} and {Antonio Rubino} and {Samet Cakmakcioglu}},
  title = {SU2},
  url = {https://su2code.github.io/},
  version = {5.0.0},
  date = {2017-01},
}
@misc{ProjectChrono,
  author = {{Radu Serban} and {Alessandro Tasora} and {Hammad Mazhar} and {Dario Mangoni} and {Conlain K.}},
  title = {Project Chrono},
  url = {https://projectchrono.org/},
  version = {3.0.0},
  date = {2017-06-08},
}
@misc{NTL,
  author = {{Victor Shoup}},
  title = {Number Theory Library},
  url = {http://shoup.net/ntl/},
  version = {3.13},
  date = {2015-06-17},
}
@misc{OpenDynamicsEngine,
  author = {{Russell Smith}},
  title = {OpenDynamicsEngine},
  url = {http://www.ode.org/},
  version = {0.14},
  date = {2015-12-18},
}
@misc{OpenFOAM,
  author = {{Henry Weller} and {CFD Direct}},
  title = {OpenFOAM},
  url = {https://openfoam.org/},
  version = {5.0},
  date = {2004-12-10},
}
@misc{ArrayFire,
  author = {{Pavan Yalamanchili} and {Umar Arshad} and {Brian Kloppenborg} and {Miguel Lloreda} and {Ghislain Antony Vaillant} and {Cedric Nugteren} and {Filipe Maia} and {Gaëtan Lehmann} and {Nathan Jackson} and {Richard Klemm} and {Andreas Schuh} and {Vardan Akopian}},
  title = {ArrayFire},
  url = {https://arrayfire.com/},
  version = {3.13},
  date = {2015-17-06},
}